@misc{KinectGr59:online,
	author = {},
	title = {KinectGrabber/README.md at Kinect2Grabber · UnaNancyOwen/KinectGrabber · GitHub},
	howpublished = {\url{https://github.com/UnaNancyOwen/KinectGrabber/blob/Kinect2Grabber/README.md}},
	month = {},
	year = {},
	note = {(Accessed on 12/10/2018)}
}
@book{bluman2009elementary,
	title={Elementary Statistics: A Step by Step Approach},
	author={Bluman, A.G.},
	isbn={9780073534978},
	lccn={2008030803},
	url={https://books.google.com.mx/books?id=TyLcPgAACAAJ},
	year={2009},
	publisher={McGraw-Hill Higher Education}
}

@misc{Microsof29:online,
	author = {},
	title = {Microsoft kills Kinect support in Xbox One's backward-compatibility push | PCWorld},
	howpublished = {\url{https://www.pcworld.com/article/2936263/microsoft-kills-kinect-support-in-xbox-ones-backward-compatibility-push.html}},
	month = {},
	year = {},
	note = {(Accessed on 12/10/2018)}
}
@misc{XBOXONEK76:online,
	author = {},
	title = {XBOX ONE KINECT SENSOR para XONE - GamePlanet},
	howpublished = {\url{https://gameplanet.com/xbox-one-kinect-sensor-xone.html}},
	month = {},
	year = {},
	note = {(Accessed on 12/10/2018)}
}
@book{BayroCorrochano2010,
	title={Geometric Computing: for Wavelet Transforms, Robot Vision, Learning, Control and Action},
	author={Bayro-Corrochano, E.},
	isbn={9781848829299},
	lccn={2010921295},
	year={2010},
	publisher={Springer London}
}

@book{herstein1988algebra,
	title={Algebra abstracta},
	author={Herstein, I.N.},
	isbn={9789687270425},
	year={1988},
	publisher={Grupo Editorial Iberoam{\'e}rica}
}

@book{grossman2008algebra,
	title={Álgebra lineal},
	author={Grossman, S.I.},
	isbn={9789701065174},
	series={Elibro Catedra},
	year={2008},
	publisher={McGraw-Hill Interamericana de Espa{\~n}a S.L.}
}


@misc{OculusRi96:online,
	author = {},
	title = {Oculus Rift: Visor de realidad virtual para PC optimizadas para realidad virtual | Oculus},
	howpublished = {\url{https://www.oculus.com/rift/#oui-csl-rift-games=robo-recall}},
	month = {},
	year = {},
	note = {(Accessed on 11/30/2018)}
}

@misc{VIVEDis84:online,
	author = {},
	title = {VIVE™ | Discover Virtual Reality Beyond Imagination},
	howpublished = {\url{https://www.vive.com/us/}},
	month = {},
	year = {},
	note = {(Accessed on 11/30/2018)}
}

@misc{HoloLens,
	author = {},
	title = {Microsoft HoloLens | The leader in mixed reality technology},
	howpublished = {\url{https://www.microsoft.com/en-us/hololens}},
	month = {},
	year = {},
	note = {(Accessed on 12/10/2018)}
	}



@Conference{MedicalVisionAGC,
  Title                    = {Medical Robot Vision using the Conformal Geometric Algebra Framework},
  Author                   = {Garza Burgos, M.; Sanchez O., E.; Bayro Corrochano, E.},
  Booktitle                = {Humanoid Robots (Humanoids)},
  Year                     = {2016},
  Address                  = {Cancun, Mexico}
}

@Conference{AGCApplications,
  Title                    = {Recent Aplications of Conformal Geometric Algebra},
  Author                   = {Lasenby, Anthony},
  Booktitle                = {Computer Algebra and Geometric Algebra with Applications},
  Year                     = {2005},
  Address                  = {Berlin, Heidelberg}
}

@Conference{CompVisionKinecthough,
  Title                    = {Improving 3D object detection and classification based on kinect sensor and hough transform},
  Author                   = {Sanguino, T. J. Mateo; Ponce Gómez, F.},
  Booktitle                = {2015 International Symposium on Innovations in Intelligent SysTems and Applications (INISTA)},
  Year                     = {2015}
}


@Book{CompVisionSpringer,
  Title                    = { Computer Vision: Algorithms and Applications},
  Author                   = {R. Szeliski},
  Publisher                = {Springer Science and Business Media},
  Year                     = {2010}

}


@Book{FoundOfAGC,
  Title                    = {Foundations of Geometric Algebra Computing},
  Author                   = {Hildenbrand, Dietmar},
  Publisher                = {Springer Berlin Heidelberg},
  Year                     = {2013}

}

@Book{IAEnfoqueMod,
  Title                    = {Inteligencia Artificial un Enfoque Moderno},
  Author                   = {Russel, Stuart J.; Norving, Peter},
  Publisher                = {Peason Education S.A.,Madrid},
  Year                     = {2004}

}


@Article{CompVisionKinect,
  Title                    = {Enhanced Computer Vision with Microsoft Kinect Sensor: A Review},
  Author                   = {Jungong, Han; Ling, Shao; Dong, Xu; Jaime, Shotton},
  journal                  = {IEEE Transactions on Cybernetics},
  Year                     = {2013},
  volume                   = {43},
  number                   = {5}
}


@misc{UsodelKi56:online,
	author = {Manuel Agustí i Melchor },
	title = {Uso del Kinect en el computador desde el punto del vista del usuario},
	howpublished = {\url{https://riunet.upv.es/bitstream/handle/10251/83409/Agust%C3%AD%20-%20Uso%20del%20Kinect%20en%20el%20computador%20desde%20el%20punto%20del%20vista%20del%20usuario.pdf?sequence=1}},
	publisher = {Escola Tècnica Superior d'Enginyeria Informàtica
	Universitat Politècnica de València}
	month = {},
	year = {},
	note = {(Accessed on 12/10/2018)}
}
@MastersThesis{RecoObj3d,
  Title                    = {Reconocimiento de Objetos Mediante Sensor 3D},
  Author                   = {Simón, Javier Nuño},
  School                   = {Universidad Carlos III de Madrid},
  Year                     = {2012},

  Address                  = {Madrid}
}

@book{weinmann2016reconstruction,
	title={Reconstruction and Analysis of 3D Scenes: From Irregularly Distributed 3D Points to Object Classes},
	author={Weinmann, M.},
	isbn={9783319292465},
	year={2016},
	publisher={Springer International Publishing}
}
@article{Fischler1981,
	doi = {10.1145/358669.358692},
	url = {https://doi.org/10.1145/358669.358692},
	year  = {1981},
	month = {jun},
	publisher = {Association for Computing Machinery ({ACM})},
	volume = {24},
	number = {6},
	pages = {381--395},
	author = {Martin A. Fischler and Robert C. Bolles},
	title = {Random sample consensus: a paradigm for model fitting with applications to image analysis and automated cartography},
	journal = {Communications of the {ACM}}
}

@InProceedings{Rusu_ICRA2011_PCL,
  author    = {Radu Bogdan Rusu and Steve Cousins},
  title     = {{3D is here: Point Cloud Library (PCL)}},
  booktitle = {{IEEE International Conference on Robotics and Automation (ICRA)}},
  month     = {May 9-13},
  year      = {2011},
  address   = {Shanghai, China}
}
@misc{libfreenect,
  doi = {10.5281/zenodo.50641},
  url = {https://zenodo.org/record/50641},
  author = {{Lingzhu Xiang} and Echtler,  Florian and Kerl,  Christian and et. al. },
  title = {Libfreenect2: Release 0.2},
  publisher = {Zenodo},
  year = {2016}
}

@misc{k2g,
	author = {},
	title = {giacomodabisias/libfreenect2pclgrabber: a grabber for the kinect2 which returns a registered pcl point cloud},
	howpublished = {\url{https://github.com/giacomodabisias/libfreenect2pclgrabber}},
	month = {},
	year = {},
	note = {(Accessed on 12/10/2018)}
	}

@inproceedings{hougCilindros,
  title={Extending Generalized Hough Transform to Detect 3 D Objects in Laser},
  author={Kourosh Khoshelham},
  year={2007}
}

@article{cilindrosAGC,
  doi = {10.1007/s00006-017-0759-1},
  year  = {2017},
  month = {feb},
  publisher = {Springer Nature},
  volume = {27},
  number = {3},
  pages = {1961--1976},
  author = {Aksel Sveier and Adam Leon Kleppe and Lars Tingelstad and Olav Egeland},
  title = {Object Detection in Point Clouds Using Conformal Geometric Algebra},
  journal = {Advances in Applied Clifford Algebras}
}

@book{martinsanz2007ejercicios,
  title={Ejercicios Resueltos de Visi{\'o}n por Computador},
  author={Martinsanz, G.P. and PAJARES, G.Y.S. and de la Cruz Garc{\'\i}a, J.M.},
  isbn={9788478978281},
  year={2007},
  publisher={RA-MA S.A. Editorial y Publicaciones}
}
@misc{vicon,
	author = {},
	title = {Motion Capture Systems | VICON},
	howpublished = {\url{https://www.vicon.com/}},
	month = {},
	year = {},
	note = {(Accessed on 12/10/2018)}
	}

@article{Lachat2015,
  doi = {10.3390/rs71013070},
  year  = {2015},
  month = {oct},
  publisher = {{MDPI} {AG}},
  volume = {7},
  number = {10},
  pages = {13070--13097},
  author = {Elise Lachat and H{\'{e}}l{\`{e}}ne Macher and Tania Landes and Pierre Grussenmeyer},
  title = {Assessment and Calibration of a {RGB}-D Camera (Kinect v2 Sensor) Towards a Potential Use for Close-Range 3D Modeling},
  journal = {Remote Sensing}
}


@misc{versor,
	author = {},
	title = {versor.mat.ucsb.edu},
	howpublished = {\url{http://versor.mat.ucsb.edu/}},
	month = {},
	year = {},
	note = {(Accessed on 12/10/2018)}
	}

@misc{Cinderel45:online,
	author = {},
	title = {Cinderella : Cinderella},
	howpublished = {\url{https://www.cinderella.de/tiki-index.php}},
	month = {},
	year = {},
	note = {(Accessed on 12/10/2018)}
}

@misc{Geometri75:online,
	author = {},
	title = {Geometric Algebra For Computer Science},
	howpublished = {\url{http://www.geometricalgebra.net/index.html}},
	month = {},
	year = {},
	note = {(Accessed on 12/10/2018)}
}

@misc{CLUCalc12:online,
	author = {},
	title = {CLUCalc},
	howpublished = {\url{http://www.clucalc.info/}},
	month = {},
	year = {},
	note = {(Accessed on 12/10/2018)}
}

@misc{GaalopGe19:online,
	author = {},
	title = {Gaalop | Geometric Algebra Algorithms Optimizer},
	howpublished = {\url{http://www.gaalop.de/}},
	month = {},
	year = {},
	note = {(Accessed on 12/10/2018)}
}

@misc{versorJswe94:online,
	author = {},
	title = {weshoke/versor.js: A Javascript port of the Versor Geometric Algebra library},
	howpublished = {\url{https://github.com/weshoke/versor.js}},
	month = {},
	year = {},
	note = {(Accessed on 12/10/2018)}
}